<record><leader>00000cas a2200000 a 4500</leader><controlfield tag="001">2261757</controlfield><controlfield tag="008">760620d1853185upaudn ne      0   a0eng  </controlfield><datafield ind1=" " ind2=" " tag="010"><subfield code="a">sn 84035965 </subfield></datafield><datafield ind1=" " ind2=" " tag="040"><subfield code="a">PIT</subfield><subfield code="b">eng</subfield><subfield code="c">PIT</subfield><subfield code="d">NYG</subfield><subfield code="d">NPX</subfield><subfield code="d">NPH</subfield><subfield code="d">NJW</subfield><subfield code="d">KNP</subfield><subfield code="d">MFN</subfield><subfield code="d">KNP</subfield><subfield code="d">CNK</subfield><subfield code="d">OCL</subfield><subfield code="d">OCLCF</subfield><subfield code="d">OCLCO</subfield><subfield code="d">DLC</subfield><subfield code="d">HUL</subfield></datafield><datafield ind1="0" ind2=" " tag="022"><subfield code="a">2473-1951</subfield><subfield code="l">2473-1951</subfield><subfield code="2">1</subfield></datafield><datafield ind1=" " ind2=" " tag="042"><subfield code="a">msc</subfield><subfield code="a">nsdp</subfield></datafield><datafield ind1="1" ind2="0" tag="050"><subfield code="a">ISSN RECORD</subfield></datafield><datafield ind1="1" ind2="0" tag="082"><subfield code="a">071</subfield><subfield code="2">23</subfield></datafield><datafield ind1="0" ind2=" " tag="130"><subfield code="a">Morning herald (Harrisburg, Pa.)</subfield></datafield><datafield ind1=" " ind2="0" tag="222"><subfield code="a">Morning herald</subfield><subfield code="b">(Harrisburg, Pa.)</subfield></datafield><datafield ind1="0" ind2="0" tag="245"><subfield code="a">Morning herald.</subfield></datafield><datafield ind1="1" ind2="7" tag="246"><subfield code="a">Daily morning herald</subfield></datafield><datafield ind1=" " ind2=" " tag="260"><subfield code="a">Harrisburg, Pa. :</subfield><subfield code="b">Stephen Miller &amp; Co.,</subfield></datafield><datafield ind1=" " ind2=" " tag="300"><subfield code="a">v.</subfield></datafield><datafield ind1=" " ind2=" " tag="310"><subfield code="a">Daily (except Sun.)</subfield></datafield><datafield ind1="0" ind2=" " tag="362"><subfield code="a">[Vol. 1, no. 1] (Dec. 23, 1853)-</subfield></datafield><datafield ind1=" " ind2=" " tag="530"><subfield code="a">Available on microfilm from Microfilm Corp. of Pa.</subfield></datafield><datafield ind1=" " ind2=" " tag="580"><subfield code="a">Weekly eds.: Pennsylvania telegraph and Whig state journal, 1853-1855; Pennsylvania telegraph (Harrisburg, Pa. : 1855), 1855.</subfield></datafield><datafield ind1=" " ind2="0" tag="651"><subfield code="a">Harrisburg (Pa.)</subfield><subfield code="v">Newspapers.</subfield></datafield><datafield ind1=" " ind2="7" tag="651"><subfield code="a">Pennsylvania</subfield><subfield code="z">Harrisburg.</subfield><subfield code="2">fast</subfield><subfield code="0">(OCoLC)fst01204725</subfield></datafield><datafield ind1=" " ind2="7" tag="655"><subfield code="a">Newspapers.</subfield><subfield code="2">fast</subfield><subfield code="0">(OCoLC)fst01423814</subfield></datafield><datafield ind1=" " ind2=" " tag="752"><subfield code="a">United States</subfield><subfield code="b">Pennsylvania</subfield><subfield code="c">Dauphin</subfield><subfield code="d">Harrisburg.</subfield></datafield><datafield ind1="1" ind2=" " tag="775"><subfield code="t">Pennsylvania telegraph and Whig state journal</subfield><subfield code="x">2473-084X</subfield><subfield code="w">(DLC)sn 84035973</subfield><subfield code="w">(OCoLC)2265864</subfield></datafield><datafield ind1="1" ind2=" " tag="775"><subfield code="t">Pennsylvania telegraph (Harrisburg, Pa. : 1855)</subfield><subfield code="x">2473-0858</subfield><subfield code="w">(DLC)sn 84035972</subfield><subfield code="w">(OCoLC)11259299</subfield></datafield><datafield ind1="0" ind2="0" tag="780"><subfield code="t">Daily times (Harrisburg, Pa.)</subfield><subfield code="x">2473-196X</subfield><subfield code="w">(DLC)sn 83032122</subfield><subfield code="w">(OCoLC)10180076</subfield></datafield><datafield ind1="0" ind2="0" tag="785"><subfield code="t">Harrisburg daily herald</subfield><subfield code="x">2473-1927</subfield><subfield code="w">(DLC)sn 84035958</subfield><subfield code="w">(OCoLC)2261753</subfield></datafield><datafield ind1="1" ind2=" " tag="029"><subfield code="a">AU@</subfield><subfield code="b">000020232740</subfield></datafield></record>